@inproceedings{6345818, 
    author={O. M. Mendizabal and \textnormal{M. Spier} and R. Saad}, 
    booktitle={2012 20th IEEE International Requirements Engineering Conference (RE)}, 
    title={Log-based approach for performance requirements elicitation and prioritization}, 
    year={2012}, 
    volume={}, 
    number={}, 
    pages={297-302}, 
    keywords={formal verification;software performance evaluation;statistical analysis;log-based approach;performance requirements elicitation;requirements engineering activities;good requirements definition;software development;large scale global applications;requirements prioritization;realistic user behaviors observation;basic statistic analysis;application usage information;Time factors;Servers;Companies;Measurement;Software;Tuning;Performance Requirements;Requirements Elicitation;Requirements Prioritization;Case Study}, 
    doi={10.1109/RE.2012.6345818}, 
    ISSN={2332-6441}, 
    month={Sept}
}
@thesis{thesis,
    author = {\textnormal{M. Spier}}, 
    title = {Development of a Parametric Model to Estimate Software Development Effort},
    school = {Pontifícia Universidade Católica do Rio Grande do Sul - PUCRS},
    year = 2008,
    month = Jun
}